@book{bate,
    author        = {Bate, Roger R., Donald D. Muller and Jerry E. White},
    title         = {Fundamentals Of Astrodynamics},
    year          = {1971},
    publisher     = {Dover Publications},
    location      = {New York}
}

@online{morgan,
    author        = {Morgan Stanley},
    title         = {Space: Investing in the Final Frontier},
    year          = {July 24, 2020},
    url           = {https://www.morganstanley.com/ideas/investing-in-space}
}

@online{pwc,
    author        = {Saurabh Bhattacharya et. al},
    title         = {Preparing to Scale New Heights: Privatisation of India's commercial Space Sector},
    year          = {January 2020},
    url           = {https://www.pwc.in/research-insights/2020/preparing-to-scale-new-heights.html}
}

@online{pwc,
    author        = {Opensource.org},
    title         = {GNU General Public License version 3},
    year          = {2007},
    url           = {https://opensource.org/licenses/gpl-3.0.html}
}

%@misc{python,
%	author = {{Python Software Foundation}},
%	title = {Python},
%	url = {https://www.python.org/},
%	version = {3.9.5}
%}

@article{einstein,
    author        = {Albert Einstein},
    title         = {Zur Elektrodynamik bewegter K{\"o}rper. (German) [On the electrodynamics of moving bodies]},
    journaltitle  = {Annalen der Physik},
    year          = {1905},
    volume        = {322},
    number        = {10},
    pages         = {891-921},
    doi           = {http://dx.doi.org/10.1002/andp.19053221004}
}